<?xml version="1.0" encoding="UTF-8"?><collection xmlns="http://www.loc.gov/MARC21/slim"><record><leader>00368nam--2200145-i-4500</leader><controlfield tag="001">000045040</controlfield><controlfield tag="002">20161230</controlfield><controlfield tag="005">20170304151945</controlfield><controlfield tag="008">060222s1000------------r-----000-0-eng-d</controlfield><datafield ind1=" " ind2=" " tag="080"><subfield code="a">62</subfield></datafield><datafield ind1=" " ind2=" " tag="245"><subfield code="a">Technique de l`ingenieur. Electrotechnique</subfield></datafield><datafield ind1=" " ind2=" " tag="260"><subfield code="a">Paris</subfield><subfield code="b">Technique De L`Ingenieur</subfield><subfield code="c">1949</subfield></datafield><datafield ind1=" " ind2=" " tag="700"><subfield code="a">Monteil, C</subfield></datafield><datafield ind1=" " ind2=" " tag="852"><subfield code="a">10852</subfield></datafield><datafield ind1=" " ind2=" " tag="CAT"><subfield code="a">SYS</subfield><subfield code="c">20170304</subfield><subfield code="h">151945</subfield></datafield></record></collection>